
@book{sun2012mining,
	author = {Sun, Yizhou and Han, Jiawei},
	 title = {Mining Heterogeneous Information Networks: Principles and Methodologies},
	 year = {2012},
	 isbn = {1608458806, 9781608458806},
	 publisher = {Morgan \& Claypool Publishers},
}

@inproceedings{liben2007link,
  author = {Liben-Nowell, David and Kleinberg, Jon},
 title = {The Link Prediction Problem for Social Networks},
 booktitle = {Proceedings of the Twelfth International Conference on Information and Knowledge Management},
 series = {CIKM '03},
 year = {2003},
 isbn = {1-58113-723-0},
 location = {New Orleans, LA, USA},
 pages = {556--559},
 numpages = {4},
 doi = {10.1145/956863.956972},
 acmid = {956972},
 publisher = {ACM},
 address = {New York, NY, USA},
 keywords = {link analysis, link prediction, social networks},
}

@inproceedings{wang2014review,
 author={T. Wang and G. Liao}, 
booktitle={Management of e-Commerce and e-Government (ICMeCG), 2014 International Conference on}, 
title={A Review of Link Prediction in Social Networks}, 
year={2014}, 
pages={147-150}, 
keywords={network theory (graphs);social networking (online);Facebook;Sina Microblog;Twitter;heterogeneous networks;social media;social network analysis;temporal link prediction methods;Computational modeling;Data mining;Feature extraction;Prediction algorithms;Predictive models;Social network services;heterogeneous networks;link prediction;socail networks}, 
doi={10.1109/ICMeCG.2014.38}, 
month={Oct},
}

@inbook{al2011survey,
  author="Hasan, Mohammad Al
and Zaki, Mohammed J.",
editor="Aggarwal, C. Charu",
chapter="A Survey of Link Prediction in Social Networks",
title="Social Network Data Analytics",
year="2011",
publisher="Springer US",
address="Boston, MA",
pages="243--275",
isbn="978-1-4419-8462-3",
doi="10.1007/978-1-4419-8462-3_9",
}

@incollection{taskar2003link,
title = {Link Prediction in Relational Data},
author = {Taskar, Ben and Ming-fai Wong and Abbeel, Pieter and Daphne Koller},
booktitle = {Advances in Neural Information Processing Systems 16},
editor = {S. Thrun and L. K. Saul and B. Sch\"{o}lkopf},
pages = {659--666},
year = {2004},
publisher = {MIT Press},
}

@article{clauset2008hierarchical,
	author={Clauset, A. and Moore, C. and Newman, M.E.J.},
title={Hierarchical structure and the prediction of missing links in networks},
journal={Nature},
year={2008},
volume={453},
number={7191},
pages={98-101},
doi={10.1038/nature06830},
note={cited By 642},
document_type={Article},
source={Scopus},
}

@inproceedings{kong2013,
	author = {Kong, Xiangnan and Zhang, Jiawei and Yu, Philip S.},
 title = {Inferring Anchor Links Across Multiple Heterogeneous Social Networks},
 booktitle = {Proceedings of the 22Nd ACM International Conference on Information \& Knowledge Management},
 series = {CIKM '13},
 year = {2013},
 isbn = {978-1-4503-2263-8},
 location = {San Francisco, California, USA},
 pages = {179--188},
 numpages = {10},
 doi = {10.1145/2505515.2505531},
 acmid = {2505531},
 publisher = {ACM},
 address = {New York, NY, USA},
 keywords = {anchor links, heterogeneous social network, multi-network},
}

@inproceedings{zhang2014transferring,
	author = {Zhang, Jiawei and Kong, Xiangnan and Yu, Philip S.},
 title = {Transferring Heterogeneous Links Across Location-based Social Networks},
 booktitle = {Proceedings of the 7th ACM International Conference on Web Search and Data Mining},
 series = {WSDM '14},
 year = {2014},
 isbn = {978-1-4503-2351-2},
 location = {New York, New York, USA},
 pages = {303--312},
 numpages = {10},
 doi = {10.1145/2556195.2559894},
 acmid = {2559894},
 publisher = {ACM},
 address = {New York, NY, USA},
 keywords = {data mining, link prediction, location-based social networks, transfer learning},
}

@inproceedings{zhang2013predicting,
	author={J. Zhang and X. Kong and P. S. Yu}, 
booktitle={Data Mining (ICDM), 2013 IEEE 13th International Conference on}, 
title={Predicting Social Links for New Users across Aligned Heterogeneous Social Networks}, 
year={2013}, 
pages={1289-1294}, 
keywords={data mining;social networking (online);SCAN-PS;aligned heterogeneous social networks;data mining;online social networks;social links;supervised cross aligned networks link prediction with personalized sampling;Cultural differences;Diversity reception;Feature extraction;Prediction methods;Twitter;Vectors;Data Mining;Link Prediction}, 
doi={10.1109/ICDM.2013.134}, 
ISSN={1550-4786}, 
month={Dec},
}

@inproceedings{zhang2014meta,
	author = {Zhang, Jiawei and Yu, Philip S. and Zhou, Zhi-Hua},
 title = {Meta-path Based Multi-network Collective Link Prediction},
 booktitle = {Proceedings of the 20th ACM SIGKDD International Conference on Knowledge Discovery and Data Mining},
 series = {KDD '14},
 year = {2014},
 isbn = {978-1-4503-2956-9},
 location = {New York, New York, USA},
 pages = {1286--1295},
 numpages = {10},
 doi = {10.1145/2623330.2623645},
 acmid = {2623645},
 publisher = {ACM},
 address = {New York, NY, USA},
 keywords = {classification, data mining, link prediction, transfer learning},
}

@article{adamic2003friends,
	title = "Friends and neighbors on the Web ",
journal = "Social Networks ",
volume = "25",
number = "3",
pages = "211 - 230",
year = "2003",
note = "",
issn = "0378-8733",
doi = "http://dx.doi.org/10.1016/S0378-8733(03)00009-1",
author = "Lada A Adamic and Eytan Adar",
keywords = "Homepage analysis",
keywords = "Small worlds",
keywords = "Web communities "
}

@inproceedings{al2006link,
	author = {Mohammad Al Hasan and Vineet Chaoji and Saeed Salem and Mohammed Zaki},
    title = {Link prediction using supervised learning},
    booktitle = {In Proc. of SDM 06 workshop on Link Analysis, Counterterrorism and Security},
    year = {2006}
}


@article{lu2011link,
title = "Link prediction in complex networks: A survey ",
journal = "Physica A: Statistical Mechanics and its Applications ",
volume = "390",
number = "6",
pages = "1150 - 1170",
year = "2011",
note = "",
issn = "0378-4371",
doi = "http://dx.doi.org/10.1016/j.physa.2010.11.027",
author = "Linyuan Lü and Tao Zhou",
keywords = "Link prediction",
keywords = "Complex networks",
keywords = "Node similarity",
keywords = "Maximum likelihood methods",
keywords = "Probabilistic models "
}

@inproceedings{sun2011co,
	author = {Sun, Yizhou and Barber, Rick and Gupta, Manish and Aggarwal, Charu C. and Han, Jiawei},
 title = {Co-author Relationship Prediction in Heterogeneous Bibliographic Networks},
 booktitle = {Proceedings of the 2011 International Conference on Advances in Social Networks Analysis and Mining},
 series = {ASONAM '11},
 year = {2011},
 isbn = {978-0-7695-4375-8},
 pages = {121--128},
 numpages = {8},
 doi = {10.1109/ASONAM.2011.112},
 acmid = {2055643},
 publisher = {IEEE Computer Society},
 address = {Washington, DC, USA},
 keywords = {heterogeneous information networks, link prediction, relationship prediction},
}

@book{han2010mining,
	author = {Sun, Yizhou and Han, Jiawei},
	title = {Mining Heterogeneous Information Networks: Principles and Methodologies},
	year = {2012},
	isbn = {1608458806, 9781608458806},
	publisher = {Morgan \& Claypool Publishers},
}

@inproceedings{sun2012will,
	title={When will it happen?: relationship prediction in heterogeneous information networks},
	author={Sun, Yizhou and Han, Jiawei and Aggarwal, Charu C and Chawla, Nitesh V},
	booktitle={Proceedings of the fifth ACM international conference on Web search and data mining},
	pages={663--672},
	year={2012},
	organization={ACM}
}


@inproceedings{cao2014collective,
	author = {Cao, Bokai and Kong, Xiangnan and Yu, Philip S.},
 title = {Collective Prediction of Multiple Types of Links in Heterogeneous Information Networks},
 booktitle = {Proceedings of the 2014 IEEE International Conference on Data Mining},
 series = {ICDM '14},
 year = {2014},
 isbn = {978-1-4799-4302-9},
 pages = {50--59},
 numpages = {10},
 doi = {10.1109/ICDM.2014.25},
 acmid = {2760576},
 publisher = {IEEE Computer Society},
 address = {Washington, DC, USA},
 keywords = {collective link prediction, heterogeneous information networks, meta path},
}

@inproceedings{zhang2015integrated,
	author = {Zhang, Jiawei and Yu, Philip S.},
 title = {Integrated Anchor and Social Link Predictions Across Social Networks},
 booktitle = {Proceedings of the 24th International Conference on Artificial Intelligence},
 series = {IJCAI'15},
 year = {2015},
 isbn = {978-1-57735-738-4},
 location = {Buenos Aires, Argentina},
 pages = {2125--2131},
 numpages = {7},
 acmid = {2832544},
 publisher = {AAAI Press},
}


@inproceedings{zengyan2009cyber,
	author={Cheng Zengyan and Yang Yinping and J. Lim}, 
booktitle={System Sciences, 2009. HICSS '09. 42nd Hawaii International Conference on}, 
title={Cyber Migration: An Empirical Investigation on Factors that Affect Users' Switch Intentions in Social Networking Sites}, 
year={2009}, 
pages={1-11}, 
keywords={Internet;social networking (online);user interfaces;Internet-enabled phenomenon;cyber migration;peer influences;push-pull-mooring framework;social networking sites}, 
doi={10.1109/HICSS.2009.140}, 
ISSN={1530-1605}, 
month={Jan},
}

@article{xu2014retaining,
	title = "Retaining and attracting users in social networking services: An empirical investigation of cyber migration ",
journal = "The Journal of Strategic Information Systems ",
volume = "23",
number = "3",
pages = "239 - 253",
year = "2014",
note = "",
issn = "0963-8687",
doi = "http://dx.doi.org/10.1016/j.jsis.2014.03.002",
author = "Yunjie (Calvin) Xu and Yinping Yang and Zengyan Cheng and John Lim",
keywords = "Online social network",
keywords = "IS strategies",
keywords = "Service switching",
keywords = "Push–pull–mooring framework",
keywords = "Cyber migration",
keywords = "Social commerce "
}

@inproceedings{backstrom2006group,
	author = {Backstrom, Lars and Huttenlocher, Dan and Kleinberg, Jon and Lan, Xiangyang},
 title = {Group Formation in Large Social Networks: Membership, Growth, and Evolution},
 booktitle = {Proceedings of the 12th ACM SIGKDD International Conference on Knowledge Discovery and Data Mining},
 series = {KDD '06},
 year = {2006},
 isbn = {1-59593-339-5},
 location = {Philadelphia, PA, USA},
 pages = {44--54},
 numpages = {11},
 doi = {10.1145/1150402.1150412},
 acmid = {1150412},
 publisher = {ACM},
 address = {New York, NY, USA},
 keywords = {diffusion of innovations, on-line communities, social networks},
}

@incollection{airoldi2009mixed,
	title = {Mixed Membership Stochastic Blockmodels},
author = {Airoldi, Edo M and David M. Blei and Stephen E. Fienberg and Eric P. Xing},
booktitle = {Advances in Neural Information Processing Systems 21},
editor = {D. Koller and D. Schuurmans and Y. Bengio and L. Bottou},
pages = {33--40},
year = {2009},
publisher = {Curran Associates, Inc.},
}


@inproceedings{wu2014learning,
	title={Learning the Consistent Behavior of Common Users for Target Node Prediction across Social Networks},
	author={Wu, Shan-Hung and Chien, Hao-Heng and Lin, Kuan-hua and Yu, Philip},
	booktitle={Proceedings of the 31st International Conference on Machine Learning (ICML-14)},
	pages={298--306},
	year={2014}
}

@inproceedings{yang2012link,
  author={Y. Yang and N. Chawla and Y. Sun and J. Hani}, 
booktitle={Data Mining (ICDM), 2012 IEEE 12th International Conference on}, 
title={Predicting Links in Multi-relational and Heterogeneous Networks}, 
year={2012}, 
pages={755-764}, 
keywords={information networks;pattern classification;probability;unsupervised learning;MRIP probabilistic method;classification task;coauthorship prediction;dependency structure;heterogeneous network;link prediction;multirelational influence propagation;multirelational network;network analysis;social network;sparse network;unsupervised learning;Correlation;Diseases;Equations;Genetics;Integrated circuit modeling;Time series analysis;Unsupervised learning;Heterogeneous Network;Link Prediction;Temporal Analysis}, 
doi={10.1109/ICDM.2012.144}, 
ISSN={1550-4786}, 
month={Dec},
}

@inproceedings{kuo2013unsupervised,
  author = {Kuo, Tsung-Ting and Yan, Rui and Huang, Yu-Yang and Kung, Perng-Hwa and Lin, Shou-De},
 title = {Unsupervised Link Prediction Using Aggregative Statistics on Heterogeneous Social Networks},
 booktitle = {Proceedings of the 19th ACM SIGKDD International Conference on Knowledge Discovery and Data Mining},
 series = {KDD '13},
 year = {2013},
 isbn = {978-1-4503-2174-7},
 location = {Chicago, Illinois, USA},
 pages = {775--783},
 numpages = {9},
 doi = {10.1145/2487575.2487614},
 acmid = {2487614},
 publisher = {ACM},
 address = {New York, NY, USA},
 keywords = {heterogeneous social network, link prediction, probabilistic graphical model, social network mining},
}

@book{jackson1986aspects,
  title={Migration},
  author={Jackson, J.A.},
  lccn={lc85013098},
  series={Aspects of Modern Sociology Series},
  year={1986},
  publisher={Longman}
}

@INPROCEEDINGS{davis2011, 
author={D. Davis and R. Lichtenwalter and N. V. Chawla}, 
booktitle={Advances in Social Networks Analysis and Mining (ASONAM), 2011 International Conference on}, 
title={Multi-relational Link Prediction in Heterogeneous Information Networks}, 
year={2011}, 
pages={281-288}, 
keywords={information networks;social networking (online);unsupervised learning;Adamic-Adar measure;complex networks;complicated dependency structures;heterogeneous information networks;heterogeneous interactions;multirelational link prediction;probabilistically weighted extension;real-world systems;supervised approach;Diseases;Meteorology;Prediction methods;Probabilistic logic;Proteins;YouTube;classification;heterogeneous information networks;link prediction}, 
doi={10.1109/ASONAM.2011.107}, 
month={July},}

@inproceedings{blundell2012modelling,
  title={Modelling reciprocating relationships with Hawkes processes},
  author={Blundell, Charles and Beck, Jeff and Heller, Katherine A},
  booktitle={Advances in Neural Information Processing Systems},
  pages={2600--2608},
  year={2012}
}